% Encoding: UTF-8
@InBook{NuelleBriTapDem2018,
  author     = {Kathrin Nülle and Sabrina Bringeland and Svenja Tappe and Barbara Deml and Tobias Ortmaier},
  title      = {Mobile Augmented Reality System for Craftsmen (accepted book chapter in the Springer series Biosystems and Biorobotics)},
  booktitle  = {Developing Support Technologies - Integrating Multiple Perspectives to Create Support that People Really Want},
  year       = {2018},
  bookauthor = {Weidner}
}

@InProceedings{KuehnHuSchHad2018,
  author    = {Johannes Kühn and Tingli Hu and Moritz Schappler and Sami Haddadin},
  title     = {Dynamics Simulation for an Upper-Limb Human-Exoskeleton System with Latent-Space Control in a Tool-Mediated Manipulation Task},
  booktitle = {Proceedings of the 2018 IEEE International Conference on
Simulation, Modeling, and Programming for Autonomous Robot (SIMPAR)},
  %year      = {2018},
}


@TechReport{NuelleSchTapLil2017,
  author      = {Kathrin Nülle and Moritz Schappler and Svenja Tappe and Torsten Lilge and Tobias Ortmaier and Sami Haddadin},
  title       = {Projektabschlussbericht „3. {A}rm“ – {H}andwerker-{K}raftassistenzsystem mit adaptiver {M}ensch-{T}echnik-{I}nteraktion ({MZH})},
  institution = {Mechatronik Zentrum Hannover},
  year        = {2017},
  doi         = {10.2314/GBV:1014030161},
  note        = {DOI-URL: https://doi.org/10.2314/GBV:1014030161, accessed 19.02.2018},
}



@Article{KhalilKle1986,
  author    = {Khalil, W. and Kleinfinger, J.},
  title     = {A new geometric notation for open and closed-loop robots},
  journal   = {Proceedings. 1986 IEEE International Conference on Robotics and Automation},
  year      = {1986},
  doi       = {10.1109/robot.1986.1087552},
  url       = {http://dx.doi.org/10.1109/ROBOT.1986.1087552},
  publisher = {Institute of Electrical and Electronics Engineers},
}



@InBook{PetereitAlbJerSch2012,
  chapter   = {Work Life in the Light of the Demographic Change: Case Study Force Assistive Device for Craftsmen},
  pages     = {45--60},
  title     = {Ambient Assisted Living: 5. AAL-Kongress 2012 Berlin, Germany, January 24-25, 2012},
  publisher = {Springer Berlin Heidelberg},
  author    = {Petereit, Steffen and Albert, Amos and Jeridi, Nidhal and Schoenleber, Richard and Rebmann, Christof and Vallery, Heike},
  editor    = {Wichert, Reiner and Eberhardt, Birgid},
  isbn      = {978-3-642-27491-6},
  doi       = {10.1007/978-3-642-27491-6_4}
}


@Article{NakamuraGho1989,
  author    = {Nakamura, Yoshihiko and Ghodoussi, Modjtaba},
  title     = {Dynamics computation of closed-link robot mechanisms with nonredundant and redundant actuators},
  journal   = {IEEE Transactions on Robotics and Automation},
  year      = {1989},
  volume    = {5},
  number    = {3},
  pages     = {294--302},
  publisher = {IEEE},
}


@Article{UdwadiaKal1992,
  author    = {Udwadia, Firdaus E and Kalaba, Robert E},
  title     = {A new perspective on constrained motion},
  journal   = {Proceedings: Mathematical and Physical Sciences},
  year      = {1992},
  pages     = {407--410},
  url       = {http://www.jstor.org/stable/52227?seq=1#page_scan_tab_contents},
  publisher = {JSTOR},
}


@Article{RoconBelRuiMan2007,
  author    = {Rocon, Eduardo and Belda-Lois, JM and Ruiz, AF and Manto, Mario and Moreno, Juan C and Pons, JL},
  title     = {Design and validation of a rehabilitation robotic exoskeleton for tremor assessment and suppression},
  journal   = {IEEE Transactions on Neural Systems and Rehabilitation Engineering},
  year      = {2007},
  volume    = {15},
  number    = {3},
  pages     = {367--378},
  publisher = {IEEE},
  url       = {http://ieeexplore.ieee.org/stamp/stamp.jsp?tp=&arnumber=4303108},
}


@InProceedings{CarignanLis2005,
  author       = {Carignan, Craig and Liszka, Michael},
  title        = {Design of an arm exoskeleton with scapula motion for shoulder rehabilitation},
  booktitle    = {Proceedings of the 12th International Conference on Advanced Robotics (ICAR)},
  year         = {2005},
  pages        = {524--531}
}


@InProceedings{ChuKazZos2005,
  author       = {Chu, Andrew and Kazerooni, Hami and Zoss, Adam},
  title        = {On the biomimetic design of the berkeley lower extremity exoskeleton ({BLEEX})},
  booktitle    = {Proceedings of the 2005 International Conference on IEEE Robotics and Automation (ICRA)},
  pages        = {4345--4352},
  url          = {http://ieeexplore.ieee.org/stamp/stamp.jsp?tp=&arnumber=1570789},
}


@InCollection{Sankai2010,
  author    = {Sankai, Yoshiyuki},
  title     = {{HAL}: Hybrid assistive limb based on cybernics},
  booktitle = {Robotics research},
  publisher = {Springer},
  year      = {2010},
  pages     = {25--34},
  url       = {https://link.springer.com/content/pdf/10.1007%2F978-3-642-14743-2_3.pdf},
}


@InProceedings{HsiehChiLan2015,
  author       = {Hsieh, Hsiang-Chien and Chien, Li and Lan, Chao-Chieh},
  title        = {Mechanical design of a gravity-balancing wearable exoskeleton for the motion enhancement of human upper limb},
  booktitle    = {ICRA Proceedings},
  year         = {2015},
  pages        = {4992--4997},
  organization = {IEEE},
  url          = {http://ieeexplore.ieee.org/stamp/stamp.jsp?tp=&arnumber=7139893},
}


@InProceedings{Ebrahimi2017,
  author        = {Ebrahimi, Amir},
  title         = {Stuttgart Exo-Jacket: An exoskeleton for industrial upper body applications},
  booktitle     = {10th International Conference on Human System Interactions (HSI)},
  year          = {2017},
  pages         = {258--263},
  url           = {http://ieeexplore.ieee.org/stamp/stamp.jsp?tp=&arnumber=8005042},
}


@InCollection{StadlerAltSchSch2017,
  author        = {Stadler, KS and Altenburger, R and Schmidhauser, E and Scherly, D and Ortiz, J and Toxiri, S and Mateos, L and Masood, J},
  title         = {Robot-Mate: An Exoskeleton for Industrial Use - Concept and Mechanical Design},
  booktitle     = {Advances in Cooperative Robotics},
  publisher     = {World Scientific},
  year          = {2017},
  pages         = {806--813}
}

@Book{SaminFis2013,
  title     = {Symbolic modeling of multibody systems},
  publisher = {Springer Science \& Business Media},
  year      = {2013},
  author    = {Samin, Jean-Claude and Fisette, Paul},
  volume    = {112},
}


@InProceedings{AzadFea2010,
  author    = {Azad, Morteza and Featherstone, R.},
  title     = {Modeling the contact between a rolling sphere and a compliant ground plane},
  booktitle = {Australasian Conference on Robotics and Automation},
  year      = {2010},
  url       = {http://www.araa.asn.au/acra/acra2010/papers/pap134s1-file1.pdf}
}


@Article{ParkChoPlo1999,
  author    = {Park, FC and Choi, Jihyeon and Ploen, SR},
  title     = {Symbolic formulation of closed chain dynamics in independent coordinates},
  journal   = {Mechanism and machine theory},
  year      = {1999},
  volume    = {34},
  number    = {5},
  pages     = {731--751},
  publisher = {Elsevier},
}


@InProceedings{KhalilVijKhoMuk2014,
  author      = {Khalil, Wisama and Vijayalingam, Aravindkumar and Khomutenko, Bogdan and Mukhanov, Izzatbek and Lemoine, Philippe and Ecorchard, Ga{\"e}l},
  title       = {{OpenSYMORO: An open-source software package for Symbolic Modelling of Robots}},
  booktitle   = {{IEEE/ASME International Conference on Advanced Intelligent Mechatronics}},
  year        = {2014},
  month       = Jul,
  pages       = {1206-1211},
  url         = {https://hal.archives-ouvertes.fr/hal-01025919},
  address     = {Besan{\c c}on, France},
  groups      = {Modellierung_Dynamik},
  hal_id      = {hal-01025919},
  hal_version = {v1},
}


@Article{KhalilBen1995,
  author    = {Khalil, Wisama and Bennis, Fouad},
  title     = {Symbolic calculation of the base inertial parameters of closed-loop robots},
  journal   = {The International journal of robotics research},
  year      = {1995},
  volume    = {14},
  number    = {2},
  pages     = {112--128},
  publisher = {Sage Publications Sage CA: Thousand Oaks, CA},
}


@Book{Pons2008,
  title     = {Wearable robots: biomechatronic exoskeletons},
  publisher = {John Wiley \& Sons},
  year      = {2008},
  author    = {Pons, Jos{\'e} L}
}

@Electronic{Atkinson2014,
  author    = {Lincoln Atkinson},
  year      = {2014},
  title     = {A simple benchmark of various math operations},
  note      = {online: http://www.latkin.org/blog/2014/11/09/a-simple-benchmark-of-various-math-operations/}
}


@Electronic{Hindriksen2012,
  author    = {Vincent Hindriksen},
  year      = {2012},
  title     = {How expensive is an operation on a {CPU}?},
  note      = {online: https://streamhpc.com/blog/2012-07-16/how-expensive-is-an-operation-on-a-cpu/}
}


@Article{LuhZhe1985,
  author    = {Luh, J and Zheng, Yuan-Fang},
  title     = {Computation of input generalized forces for robots with closed kinematic chain mechanisms},
  journal   = {IEEE Journal on Robotics and Automation},
  year      = {1985},
  volume    = {1},
  number    = {2},
  pages     = {95--103},
}



@Comment{jabref-meta: databaseType:bibtex;}
